@article{controlMRdampers,
	author = {Ruben Begnis, and Giulio Panzani, and Mirko Brentari, and Luca Zaccarian},
	title = {An LMI-based approach for the control of semi-active magnetorheological suspensions},
	year = {2020}
}

@book{book1,
	author = {Guglielmino E. and Sireteanu T. and Stammers C. W. and Ghita G. and Giuclea M.},
	title = {Semi-active Suspension Control. Improved Vehcile Ride and Road Friendliness},
	year = {2008},
	publisher = {Springer}
}

@misc{bayesopt,
	title = {bayesopt},
	note = {\url{https://it.mathworks.com/help/stats/bayesopt.html}},
	key = {Help bayesopt}
}

@misc{BO,
	title = {Bayesian Optimization Workflow},
	note = {\url{https://it.mathworks.com/help/stats/bayesian-optimization-workflow.html}},
	key = {BO Workflow}
}
